@BOOK{Wirsansky2020-rk,
  title     = "{Hands-On} Genetic Algorithms with Python",
  author    = "Wirsansky, Eyal",
  publisher = "Packt Publishing",
  year      =  2020,
  edition 	= 1, 
  note = {{ISBN: 1838557741}}
}

@BOOK{Gridin2021-ir,
  title     = "Learning Genetic Algorithms with Python",
  author    = "Gridin, Ivan",
  publisher = "BPB Publications",
  year      =  2021,
  edition 	= 1,
  note = {{ISBN: 8194837758}}
}
