@BOOK{Eiben2015-wg,
  title     = "Introduction to Evolutionary Computing",
  author    = "Eiben, A E and Smith, James E",
  publisher = "Springer",
  year      = 2015,
  edition 	= 2, 
  note 		= {{ISBN: 9783662448731}}
}

@BOOK{Dahal2007-lb,
  title     = "Evolutionary Scheduling",
  author    = "Dahal, Keshav and Tan, Kay Chen and Cowling, Peter I",
  publisher = "Springer",
  year      = 2007,
  edition 	= 1,
  note 		= {{ISBN: 9783540485827}}
}

@BOOK{Sivanandam2007-lv,
  title     = "Introduction to Genetic Algorithms",
  author    = "Sivanandam, S N and Deepa, S N",
  publisher = "Springer",
  year      = 2008,
  edition 	= 1,
  note = {{ISBN: 9783540731894}}
}

@inbook{Talluri2019,
  title = {Pricing Analytics},
  ISBN = {9783319688374},
  ISSN = {2214-7934},
  url = {http://dx.doi.org/10.1007/978-3-319-68837-4_23},
  DOI = {10.1007/978-3-319-68837-4_23},
  booktitle = {Essentials of Business Analytics},
  publisher = {Springer International Publishing},
  author = {Talluri,  Kalyan and Seshadri,  Sridhar},
  year = {2019},
  pages = {793â€“821}
}
