@BOOK{Eiben2015-wg,
  title     = "Introduction to Evolutionary Computing",
  author    = "Eiben, A E and Smith, James E",
  publisher = "Springer",
  year      = 2015,
  edition 	= 2, 
  note 		= {{ISBN: 9783662448731}}
}

@BOOK{Dahal2007-lb,
  title     = "Evolutionary Scheduling",
  author    = "Dahal, Keshav and Tan, Kay Chen and Cowling, Peter I",
  publisher = "Springer",
  year      = 2007,
  edition 	= 1,
  note 		= {{ISBN: 9783540485827}}
}

@BOOK{Sivanandam2007-lv,
  title     = "Introduction to Genetic Algorithms",
  author    = "Sivanandam, S N and Deepa, S N",
  publisher = "Springer",
  year      = 2008,
  edition 	= 1,
  note = {{ISBN: 9783540731894}}
}
